@article{aradi2020survey,
  title={Survey of deep reinforcement learning for motion planning of autonomous vehicles},
  author={Aradi, Szil{\'a}rd},
  journal={IEEE Transactions on Intelligent Transportation Systems},
  year={2020},
  publisher={IEEE}
}

@online{engine_speed,
  title     = {How to calculate wheel and vehicle speed from engine speed},
  url       = {https://x-engineer.org/calculate-wheel-vehicle-speed-engine-speed/},
  urldate   = {2025-05-05}
}

@patent{speedometer_patent_Joseph,
  author       = {Joseph W Jones},
  title        = {Speedometer},
  number       = {US765841A},
  type         = {patent},
  location     = {United States},
  date         = {1904-07-26},
}

@patent{speedometer_patent_Otto,
  author       = {Otto Schulze},
  title        = {Improvements in Speed Indicators},
  number       = {GB000190322622A},
  type         = {patent},
  location     = {Germany},
  date         = {1903-05-20},
}

@online{speedometer,
  title     = {Speedometers},
  author    = {Chris Woodford},
  url       = {https://www.explainthatstuff.com/how-speedometer-works.html},
  urldate   = {2025-05-05}
}

@online{Josip_Belusic,
  author    = {The Editors of Encyclopaedia Britannica},
  title     = {speedometer},
  url       = {https://www.britannica.com/technology/speedometer},
  urldate   = {2025-05-07}
}

@online{wheel_speed_sensors,
  title     = {Wheel Speed Sensors – More than just ABS},
  url       = {https://premierautotrade.com.au/news/wheel-speed-sensors%E2%80%93more-than-just-abs.php},
  urldate   = {2025-05-07}
}

@online{GNSS,
  title     = {What is GNSS},
  url       = {https://www.euspa.europa.eu/eu-space-programme/galileo/what-gnss},
  urldate   = {2025-05-07}
}

@online{ECEF_coordinate_sys,
  title     = {Math frames},
  url       = {https://www.vectornav.com/resources/inertial-navigation-primer/math-fundamentals/math-refframes},
  urldate   = {2025-05-08}
}

@online{gps-satellites-trilateration,
  title     = {GPS satellites - trilateration},
  url       = {https://openclipart.org/detail/191659/gps-satellites-trilateration},
  urldate   = {2025-05-08}
}

@article{GNSS_velocity_estimation,
    author = {Li Ji and Rui Sun and Qi Cheng and Junhui Wang},
    title = {Evaluation of the performance of GNSS-based velocity estimation algorithms},
    journal = {Satellite Navigation},
    year = {2022}
}

@book{lit_for_Kalman_fuzzy,
    author = {Uwe Kiencke, Lars Nielsen},
    title = {Automotive Control Systems: For Engine, Driveline, and Vehicle},    
    publisher = {Springer Berlin, Heidelberg},
    year = {2005}
}

@inproceedings{lit_for_Kalman_fuzzy_comparison,
  author={Daiss, A. and Kiencke, U.},
  booktitle={Proceedings of International Conference on Control Applications}, 
  title={Estimation of vehicle speed fuzzy-estimation in comparison with Kalman-filtering}, 
  year={1995},
  volume={},
  number={},
  pages={281-284},
  doi={10.1109/CCA.1995.555716}
}

@article{lit_trans_lstm,
  author       = {Zhuangwei Shi},
  title        = {Incorporating Transformer and {LSTM} to Kalman Filter with {EM} algorithm
                  for state estimation},
  journal      = {CoRR},
  volume       = {abs/2105.00250},
  year         = {2021},
  url          = {https://arxiv.org/abs/2105.00250},
  eprinttype    = {arXiv},
  eprint       = {2105.00250},
  timestamp    = {Wed, 12 May 2021 15:54:31 +0200},
  biburl       = {https://dblp.org/rec/journals/corr/abs-2105-00250.bib},
  bibsource    = {dblp computer science bibliography, https://dblp.org}
}

@inproceedings{lit_simple_veh_speed,
    author = {Song, Chul Ki and Uchanski, Michael and Hedrick, J.},
    year = {2002},
    month = {07},
    title = {Vehicle Speed Estimation Using Accelerometer and Wheel Speed Measurements},
    doi = {10.4271/2002-01-2229}
}

@article{lit_long_veh_est_kalman,
author = {Wang, Guanyu and Li, Shengbo},
year = {2009},
month = {01},
pages = {433-437},
title = {A Novel Longitudinal Speed Estimator for Fully Automation Ground Vehicle on Cornering Maneuver},
volume = {4},
isbn = {978-0-7695-3816-7},
journal = {Artificial Intelligence and Computational Intelligence, International Conference on},
doi = {10.1109/AICI.2009.357}
}

@article{lit_model_based_est,
title = {Vehicle parameter estimation using a model-based estimator},
journal = {Mechanical Systems and Signal Processing},
volume = {87},
pages = {227-241},
year = {2017},
note = {Signal Processing and Control challenges for Smart Vehicles},
issn = {0888-3270},
doi = {https://doi.org/10.1016/j.ymssp.2016.06.038},
url = {https://www.sciencedirect.com/science/article/pii/S0888327016302205},
author = {Giulio Reina and Matilde Paiano and Jose-Luis Blanco-Claraco},
}

@article{lit_deep_dynamics,
   title={Deep Dynamics: Vehicle Dynamics Modeling With a Physics-Constrained Neural Network for Autonomous Racing},
   volume={9},
   ISSN={2377-3774},
   url={http://dx.doi.org/10.1109/LRA.2024.3388847},
   DOI={10.1109/lra.2024.3388847},
   number={6},
   journal={IEEE Robotics and Automation Letters},
   publisher={Institute of Electrical and Electronics Engineers (IEEE)},
   author={Chrosniak, John and Ning, Jingyun and Behl, Madhur},
   year={2024},
   month=jun, pages={5292–5297} 
}

@misc{lit_ai_physiscs_embedded_neural_network,
      title={Physics Embedded Neural Network Vehicle Model and Applications in Risk-Aware Autonomous Driving Using Latent Features}, 
      author={Taekyung Kim and Hojin Lee and Wonsuk Lee},
      year={2022},
      eprint={2207.07920},
      archivePrefix={arXiv},
      primaryClass={cs.RO},
      url={https://arxiv.org/abs/2207.07920}, 
}

@article{lit_neural_network_vehicle_model,
author = {Nathan A. Spielberg  and Matthew Brown  and Nitin R. Kapania  and John C. Kegelman  and J. Christian Gerdes },
title = {Neural network vehicle models for high-performance automated driving},
journal = {Science Robotics},
volume = {4},
number = {28},
pages = {eaaw1975},
year = {2019},
doi = {10.1126/scirobotics.aaw1975},
URL = {https://www.science.org/doi/abs/10.1126/scirobotics.aaw1975}
}

@InProceedings{lit_doppler,
    author="He, Kaifei
    and Xu, Tianhe
    and F{\"o}rste, Christoph
    and Wang, Zhenjie
    and Zhao, Qiang
    and Wei, Yongseng",
    editor="Freymueller, Jeffrey T.
    and S{\'a}nchez, Laura",
    title="A Method to Correct the Raw Doppler Observations for GNSS Velocity Determination",
    booktitle="Beyond 100: The Next Century in Geodesy",
    year="2022",
    publisher="Springer International Publishing",
    address="Cham",
    pages="129--134",
}